@incollection{shribakbook,
  author = {Michael Shribak},
  title = {Differential Interference Microscopy},
  booktitle = {Biomedical Optical Phase Microscopy and Nanoscopy},
  publisher = {Elsevier},
  year = {2012},
  editor = {N. T. Shaked and Z. Zalevsky and L. L. Satterwhite},
  chapter = 2,
  pages = {19-42},
  }

@article{fisher,
  author = {Jerry Chao and E. Sally Ward and Raimund J Ober},
  title = {Fisher information theory for parameter estimation in single molecule microscopy: tutorial},
  journal = {Journal of the Optical Society of America A},
  volume = 33,
  number = 7,
  month = 7,
  year = 2016,
  pages = {B36-B57}
  }

@article{physicstoday,
  author = {Gabriel Popescu},
  title = {The power of imaging with phase, not power},
  journal = {Physics Today},
  volume = 70,
  number = 5,
  year = 2017,
  month = 5,
  pages = {34-40}
  }

@article{shribak,
  author = {Michael Shribak and Kieran G. Larkin and David Biggs},
  title = {Mapping optical path length and image enhancement using quantitative orientation-independent differential interference contrast microscopy},
  journal = {Journal of Biomedical Optics},
  volume = 22,
  number = 1,
  year = 2017,
  month = 1,
  pages = {016006-1 - 016006-12}
  }

@article{tomo,
  author = {Gennady Vishnyakov and Gennady Levin and Vladimir Minaev and Mickhail Latushko and Nikolay Nekrasov and Valery Pickalov},
  title = {Differential interference contrast tomography},
  journal = {Optics Letters},
  volume = 41,
  number = 13,
  month = 7,
  year = 2016,
  pages = {3037-3040}
  }

@inbook{microbook,
  author = {Jerome Mertz},
  title = {Introduction to Optical Microscopy},
  chapter = 10,
  pages = {199-206},
  publisher = {Roberts and Company Publishers},
  year = 2010,
  address = {Greenwood Village, CO},
  isbn = {978-09815194-8-7}
  }
  
